@webpage{r1,
author={Programiz},
title={Iterative Approach for power function calculation},
Url = {www.programiz.com}
}

@webpage{r2,
author={Wikipedia},
title={Power Function},
Url = {https://en.wikipedia.org/wiki/PowerFunction}
}